@article{hofmeister2007general,
  title={A general model of software architecture design derived from five industrial approaches},
  author={Hofmeister, Christine and Kruchten, Philippe and Nord, Robert L and Obbink, Henk and Ran, Alexander and America, Pierre},
  journal={Journal of Systems and Software},
  volume={80},
  number={1},
  pages={106--126},
  year={2007},
  publisher={Elsevier}
}


@book{babar2013agile,
  title={Agile Software Architecture: Aligning Agile Processes and Software Architectures},
  author={Babar, Muhammad Ali and Brown, Alan W and Mistr{\'\i}k, Ivan},
  year={2013},
  publisher={Newnes}
}

@book{pressman2009engenharia,
  title={Engenharia de software},
  author={Pressman, Roger S},
  year={2009},
  publisher={AMGH Editora}
}

@inproceedings{hanschke2015integrating,
  title={Integrating Agile Software Development and Enterprise Architecture Management},
  author={Hanschke, Sebastian and Ernsting, Jan and Kuchen, Herbert},
  booktitle={System Sciences (HICSS), 2015 48th Hawaii International Conference on},
  pages={4099--4108},
  year={2015},
  organization={IEEE}
}


@article{abrahamsson2010agility,
  title={Agility and architecture: Can they coexist?},
  author={Abrahamsson, Pekka and Babar, Muhammad Ali and Kruchten, Philippe},
  journal={Software, IEEE},
  volume={27},
  number={2},
  pages={16--22},
  year={2010},
  publisher={IEEE}
}

@article{grundy2012guest,
  title={Guest Editors' Introduction: Software Engineering for the Cloud},
  author={Grundy, John and Kaefer, Gerald and Keung, Jacky and Liu, Anna},
  journal={Software, IEEE},
  volume={29},
  number={2},
  pages={26--29},
  year={2012},
  publisher={IEEE}
}


@article{beck2001manifesto,
  title={Manifesto for agile software development},
  author={Beck, Kent and Beedle, Mike and Van Bennekum, Arie and Cockburn, Alistair and Cunningham, Ward and Fowler, Martin and Grenning, James and Highsmith, Jim and Hunt, Andrew and Jeffries, Ron and others},
  year={2001}
}

@article{babar2014making,
  title={Making software architecture and agile approaches work together: foundations and approaches},
  author={Babar, MA},
  year={2014},
  publisher={Elsevier}
}

@book{babar2009software,
  title={Software architecture knowledge management},
  author={Babar, Muhammad Ali and Dings{\o}yr, Torgeir and Lago, Patricia and van Vliet, Hans},
  year={2009},
  publisher={Springer}
}

@article{reenskaug2009dci,
  title={The DCI architecture: A new vision of object-oriented programming},
  author={Reenskaug, Trygve and Coplien, James O},
  journal={An article starting a new blog:(14pp) http://www. artima. com/articles/dci\_vision. html},
  year={2009}
}

@article{abrahamsson2010agility,
  title={Agility and architecture: Can they coexist?},
  author={Abrahamsson, Pekka and Babar, Muhammad Ali and Kruchten, Philippe},
  journal={Software, IEEE},
  volume={27},
  number={2},
  pages={16--22},
  year={2010},
  publisher={IEEE}
}

@inproceedings{waterman2015much,
  title={How Much Up-Front? A Grounded Theory of Agile Architecture},
  author={Waterman, Michael and Noble, James and Allan, George},
  booktitle={Software Engineering (ICSE), 2015 IEEE/ACM 37th IEEE International Conference on},
  volume={1},
  pages={347--357},
  year={2015},
  organization={IEEE}
}

@article{martini2015investigating,
  title={Investigating Architectural Technical Debt accumulation and refactoring over time: A multiple-case study},
  author={Martini, Antonio and Bosch, Jan and Chaudron, Michel},
  journal={Information and Software Technology},
  volume={67},
  pages={237--253},
  year={2015},
  publisher={Elsevier}
}

@inproceedings{bellomo2013study,
  title={A study of enabling factors for rapid fielding combined practices to balance speed and stability},
  author={Bellomo, Stephany and Nord, Robert L and Ozkaya, Ipek},
  booktitle={Software Engineering (ICSE), 2013 35th International Conference on},
  pages={982--991},
  year={2013},
  organization={IEEE}
}

@book{bass2007software,
  title={Software architecture in practice},
  author={Bass, Len},
  year={2007},
  publisher={Pearson Education India}
}

@book{rumbaugh1991object,
  title={Object-oriented modeling and design},
  author={Rumbaugh, James and Blaha, Michael and Premerlani, William and Eddy, Frederick and Lorensen, William E. and others},
  volume={199},
  number={1},
  year={1991},
  publisher={Prentice-hall Englewood Cliffs, NJ}
}
